% This file was created with JabRef 2.10.
% Encoding: UTF-8


@Misc{agencia_ibge_noticias2018,
  Title                    = {{PNAD Contínua TIC 2016: 94,2\% das pessoas que utilizaram a Internet o fizeram para trocar mensagens}},
  Author                   = {{AGÊNCIA IBGE NOTÍCIAS}},
  File                     = {Snapshot:/home/liara/Zotero/storage/HEAXFHDE/20073-pnad-continua-tic-2016-94-2-das-pessoas-que-utilizaram-a-internet-o-fizeram-para-trocar-m.html:text/html},
  Journal                  = {IBGE - Agência de Notícias},
  Language                 = {pt-br},
  Month                    = feb,
  Owner                    = {liara},
  Timestamp                = {2018.08.01},
  Url                      = {https://agenciadenoticias.ibge.gov.br/agencia-noticias/2013-agencia-de-noticias/releases/20073-pnad-continua-tic-2016-94-2-das-pessoas-que-utilizaram-a-internet-o-fizeram-para-trocar-mensagens.html},
  Urldate                  = {2018-08-02},
  Year                     = {2018}
}

@Article{bembem_inteligencia_2013,
  Title                    = {Inteligência coletiva: um olhar sobre a produção de {Pierre} {Lévy}},
  Author                   = {{BEMBEM, Angela Halen Claro} and {SANTOS Plácida Leopoldina V. Amorim da Costa}},
  Journal                  = {Perspectivas em Ciência da Informação},
  Year                     = {2013},

  Month                    = dec,
  Number                   = {4},
  Pages                    = {139--151},
  Volume                   = {18},

  Abstract                 = {A inteligência coletiva é tema interdisciplinar e tem sido explorado pelas mais diversas áreas do conhecimento. Como proposta totalmente ligada ao conceito de informação e às tecnologias da informação e comunicação, considera-se como pertinente a discussão do tema no escopo da Ciência da Informação. Para tanto, realizou-se um estudo descritivo e exploratório a partir da obra de Pierre Lévy identificando os preceitos sobre inteligência coletiva, suas ambiências e implicações. A pesquisa é de cunho documental, e se foca em determinar o estado da arte da produção sobre inteligência coletiva, verificando o que tem sido produzido por Pierre Lévy e por outros autores sobre o tema, a fim de apontar quais as possíveis intervenções da Ciência da Informação nos estudos acerca de inteligência coletiva. O estudo mostrou que no campo de Ciência da Informação existem poucas investigações de nível teórico sobre inteligência coletiva. Apesar disso, discussões sobre a representação e organização da inteligência coletiva em ambientes digitais têm sido recorrentes na atualidade, abrindo assim novos campos de aproximação entre a Ciência da Informação e a investigação conceitual e prática em inteligência coletiva.},
  Copyright                = {Direitos autorais},
  File                     = {Full Text PDF:/home/liara/Zotero/storage/XJR9W5T5/Bembem e Santos - 2013 - Inteligência coletiva um olhar sobre a produção d.pdf:application/pdf;Snapshot:/home/liara/Zotero/storage/LE6ANT6R/1639.html:text/html},
  ISSN                     = {19815344},
  Keywords                 = {Ciência da Informação, Informação e tecnologia, Inteligência coletiva},
  Language                 = {pt-BR},
  Shorttitle               = {Inteligência coletiva},
  Url                      = {http://portaldeperiodicos.eci.ufmg.br/index.php/pci/article/view/1639},
  Urldate                  = {2018-08-01}
}

@Misc{LILDS2008,
  Title                    = {LEI Nº 11.892, DE 29 DE DEZEMBRO DE 2008},

  Author                   = {{BRASIL}},
  Month                    = {Dezembro},
  Year                     = {2008},

  Chapter                  = {1},
  File                     = {Lei 11892/2008:/home/liara/Zotero/storage/W2MUNNR8/lei-11892-29-dezembro-2008-585085-normaatualizada-pl.html:text/html},
  Language                 = {pt-BR},
  Owner                    = {liara},
  Pages                    = {12},
  Timestamp                = {2018.08.02},
  Url                      = {http://www2.camara.leg.br/legin/fed/lei/2008/lei-11892-29-dezembro-2008-585085-normaatualizada-pl.pdf},
  Urldate                  = {2018-08-02}
}

@Misc{CidadaoVale,
  Title                    = {Cidadão do {Vale}},

  Author                   = {{Cidadão do Vale}},

  __markedentry            = {[liara:6]},
  File                     = {Cidadão do Vale:/home/liara/Zotero/storage/TAL6DBYU/www.cidadaodovale.xyz.html:text/html},
  Owner                    = {liara},
  Timestamp                = {2018.08.02},
  Url                      = {http://www.cidadaodovale.xyz/},
  Urldate                  = {2018-08-03}
}

@PhdThesis{costa_enriquecimento_2018,
  Title                    = {Enriquecimento {Semântico} de {Informação} {Geográfica} {Voluntária} {Utilizando} {Linked} {Data} e {Tesauro}},
  Author                   = {COSTA, Liliane Soares da},
  School                   = {Universidade Federal de Viçosa},
  Year                     = {2018},

  Address                  = {Viçosa Minas Gerais – Brasil},
  Type                     = {Dissertação de {Pós}-{Graduação} em {Ciência} da {Computação}},

  File                     = {COSTA - ENRIQUECIMENTO SEMÂNTICO DE INFORMAÇÃO GEOGRÁFICA .pdf:/home/liara/Zotero/storage/IN7J5G9P/COSTA - ENRIQUECIMENTO SEMÂNTICO DE INFORMAÇÃO GEOGRÁFICA .pdf:application/pdf},
  Language                 = {pt-BR},
  Url                      = {http://www.locus.ufv.br/bitstream/handle/123456789/17963/texto%20completo.pdf?sequence=1},
  Urldate                  = {2018-08-01}
}

@Article{Goodchild2007,
  Title                    = {Citizens as {Voluntary} {Sensors}: {Spatial} {Data} {Infrastructure} in the {World} of {Web} 2.0},
  Author                   = {GOODCHILD, Michael F.},
  Journal                  = {International Journal of Spatial Data Infrastructures Research},
  Year                     = {2007},

  Month                    = mar,
  Number                   = {2},
  Pages                    = {24--32},
  Volume                   = {2},

  __markedentry            = {[liara:]},
  Abstract                 = {Much progress has been made in the past two decades, and increasingly since the popularizing of the Internet and the advent of the Web, in exploiting new technologies in support of the dissemination of geographic information. Data warehouses, spatial data libraries, and geoportals have proliferated, and today’s users of geographic information have a wealth of potential sources that can be searched for suitable data sets. Standards have been established, issues of syntactic interoperability have been largely addressed, and rich descriptions are available in metadata to allow the suitability of a given data set to be assessed. Table digitizers used to be an essential asset for any spatial data center in the days when most sources of geographic information were in the form of paper maps, and skill in digitizing was a major part of any introduction to geographic information systems (GIS). Today, however, users rely heavily on digital sources, and virtually all digitizing is heads-up on-screen.},
  Copyright                = {Authors publishing on IJSDIR retain full but non-exclusive rights in their articles, and are required to use one of the Creative Commons licenses when submitting their work ( http://creativecommons.org ) e.g. "Attribution Non-commercial No Derivatives" (by-nc-nd).},
  Doi                      = {10.2902/},
  File                     = {Full Text PDF:/home/liara/Zotero/storage/UYN92PLQ/Goodchild - 2007 - Citizens as Voluntary Sensors Spatial Data Infras.pdf:application/pdf;Snapshot:/home/liara/Zotero/storage/2KI9L3NR/28.html:text/html},
  ISSN                     = {1725-0463},
  Language                 = {en},
  Owner                    = {liara},
  Shorttitle               = {Citizens as {Voluntary} {Sensors}},
  Timestamp                = {2018.08.02},
  Url                      = {http://ijsdir.jrc.ec.europa.eu/index.php/ijsdir/article/view/28},
  Urldate                  = {2018-08-03}
}

@Misc{governo_de_minas_gerais_pmdi:_2016,
  Title                    = {{PMDI}: {Plano} {Mineiro} de {Desenvolvimento} {Integrado}},

  Author                   = {{Governo de Minas Gerais}},
  Year                     = {2016},

  Abstract                 = {O Plano Mineiro de Desenvolvimento Integrado (PMDI) é um instrumento de planejamento
peculiar ao Estado de Minas Gerais para promoção, sobretudo, do desenvolvimento
socioeconômico integrado e tecnológico do Estado e o incremento das atividades produtivas,
assim como para a superação das desigualdades sociais e regionais em Minas Gerais.},
  Editor                   = {{Governo de Minas Gerais}},
  File                     = {2016 - PLANO MINEIRO DE DESENVOLVIMENTO INTEGRADO.pdf:/home/liara/Zotero/storage/WX59UTF8/2016 - PLANO MINEIRO DE DESENVOLVIMENTO INTEGRADO.pdf:application/pdf},
  Language                 = {pt-BR},
  Shorttitle               = {{PDMI}},
  Url                      = {https://www.almg.gov.br/export/sites/default/acompanhe/planejamento_orcamento_publico/pmdi/pmdi/2015/documentos/pmdi_2015_vol_I.pdf},
  Urldate                  = {2018-08-01}
}

@Misc{IBGEIBGE2011,
  Title                    = {Sinopse do censo demográfico 2010},

  Author                   = {{INSTITUTO BRASILEIRO DE GEOGRAFI A E ESTATÍSTICA - IBGE}},
  Year                     = {2011},

  Language                 = {pt-BR},
  Owner                    = {liara},
  Timestamp                = {2018.08.02},
  Url                      = {https://biblioteca.ibge.gov.br/visualizacao/livros/liv49230.pdf},
  Urldate                  = {2018-08-02}
}

@Book{Levy2007,
  Title                    = {Inteligência coletiva ({A})},
  Author                   = {LEVY, Pierre},
  Publisher                = {Edicoes Loyola},
  Year                     = {2007},

  Address                  = {São Paulo},
  Edition                  = {5},
  Note                     = {Google-Books-ID: N9QHkFT\_WC4C},

  Abstract                 = {A magia dos mundos virtuais está cada dia mais ao alcance do grande público: o número de usuários das redes mundiais de comunicação informatizada aumenta 10 ao mês. AS “autoestradas da informação” e a multimídia interativa anunciam uma mutação nos modos de comunicação e de acesso ao saber. EMerge um novo meio de comunicação, de pensamento e de trabalho para as sociedades humanas: o ciberespaço. COmo nossa cultura será afetada por ele? Teremos apenas uma supertevê ou renovaremos o vínculo social no sentido de obter uma maior fraternidade? Neste livro, Pierre Lévy nos convida a pensar, além do impacto das técnicas sobre a sociedade, em termos de projeto. OS novos meios de comunicação permitem aos grupos humanos pôr em comum seu saber e seu imaginário. FOrma social inédita, o coletivo inteligente pode inventar uma democracia em tempo real , uma ética da hospitalidade, uma estética da invenção, uma economia das qualidades humanas. O Autor situa o projeto da inteligência coletiva em uma perspectiva antropológica de longa duração. DEpois de ter sido fundados na relação com os cosmos, na pertença aos territórios e finalmente na inserção no processo econômico, a identidade das pessoas e o vínculo social poderiam expandir-se no intercâmbio de conhecimentos.},
  ISBN                     = {978-85-15-01613-6},
  Language                 = {pt},
  Owner                    = {liara},
  Timestamp                = {2018.08.02},
  Url                      = {https://books.google.com.br/books?id=N9QHkFT_WC4C&printsec=frontcover&source=gbs_ge_summary_r&cad=0#v=onepage&q&f=false}
}

@Article{machado_os_2014,
  Title                    = {Os {Novos} {Enfoques} da {Geografia} com o {Apoio} das {Tecnologias} da {Informação} {Geográfica}},
  Author                   = {MACHADO, Reinaldo Paul Pérez},
  Journal                  = {Revista do Departamento de Geografia},
  Year                     = {2014},

  Month                    = aug,
  Number                   = {spe},
  Pages                    = {203--241},
  Volume                   = {0},

  Abstract                 = {Resumo: Tratou-se neste artigo de relevar o papel da Cartografia e das formas de analisar e representar o espaço, utilizando métodos qualitativos e quantitativos. Foram consideradas, em especial, as novas tendências e desafios das Tecnologias da Informação Geográfica, diante dos principais paradigmas que estão em foco no debate atual na Geografia. A partir do trabalho de Kuhn, em 1970, muitos geógrafos e estudiosos da evolução do pensamento geográfico aplicaram o modelo da mudança de paradigmas ao desenvolvimento conceitual desta ciência. No entanto, analisando a evolução da Geografia do século XX e início do XXI, tem-se observado certa regularidade de mudanças paradigmáticas entre os chamados “períodos de desenvolvimento da ciência normal”, com ciclos de duração entre 20 e 25 anos (Buzai, 1999). Mas também verificou-se que em nenhum momento um paradigma eliminava por completo o anterior, mas o deslocava no tempo. Assim vemos o atual ressurgimento da Geografia Quantitativa, com uma quantidade expressiva de trabalhos e novas propostas de cálculo, análise e modelagem temática complexa, derivadas do impacto que têm exercido as tecnologias da informação neste campo, o que tem dado lugar às denominadas Tecnologias da Informação Geográfica, ou Geotecnologias. No entanto, percebe-se também a presença ativa do chamado Paradigma Humanista, mediante o qual se tem construído uma visão espacial alternativa e independente, seguindo certos fundamentos iniciais, a partir dos estudos culturais de vertentes geográfico-antropológicas (Sauer, 1925, 1927, 1963), e daqueles outros relacionados com os mapas mentais urbanos (Cauvin, 2002; Strauss, 1987; Lynch, 1960). Aqui, a Geografia Humana centra seu foco na relação do mundo interior com o mundo exterior do ser humano, tais como a percepção, as atitudes e a valoração do meio geográfico. Neste sentido, foram analisados diferentes exemplos de aplicações dos SIG diante de uma série de problemáticas territoriais cujos propósitos, estratégias de investigação e conhecimento obtidos se agrupam dentro do reforço do paradigma quantitativo e também na construção de modelos qualitativos, mapas mentais, participativos e colaborativos, dentro do Paradigma Humanista. Estas aplicações mostraram, em geral, opções de soluções aplicadas, com base no desenvolvimento tecnológico e na Geografia atual, como disciplina central. Embora os Sistemas de Informação Geográfica, isoladamente, não sejam considerados como parte da Ciência da Informação Geográfica (Capel, 2005), o desenvolvimento recente (e crescente) das Tecnologias da Informação Geográfica indica que sim, está acontecendo uma mudança paradigmática, que levará, mediante o estabelecimento de fundamentos teóricos, conceituais e ontológicos profundos, à consolidação da Ciência da Informação Geográfica. O desenvolvimento deste processo beneficiará incontestavelmente, todas as expressões do conhecimento geográfico, independentemente de ter ênfase maior nos aspectos físicos ou humanos.},
  Copyright                = {Direitos autorais 2014 Reinaldo Paul Pérez Machado},
  File                     = {Full Text PDF:/home/liara/Zotero/storage/6TP38C9B/Machado - 2014 - OS NOVOS ENFOQUES DA GEOGRAFIA COM O APOIO DAS TEC.pdf:application/pdf;Snapshot:/home/liara/Zotero/storage/D8N9H6L6/85554.html:text/html},
  ISSN                     = {2236-2878},
  Keywords                 = {Cartografia Digital, Ciência da Informação Geográfica, Digital Cartography, Geografia Humana, Geografia Qualitativa, Geografia Quantitativa, Human Geography, Mapas Mentais, Mental Maps, Qualitative Geography, Quantitative Geography, Science of Geographical Information},
  Language                 = {pt-BR},
  Url                      = {http://www.periodicos.usp.br/rdg/article/view/85554},
  Urldate                  = {2018-08-01}
}

@Misc{madureira_aplicativo_2017,
  Title                    = {Aplicativo nativo, web {App} ou aplicativo híbrido?},

  Author                   = {MADUREIRA, Daniel},
  Month                    = mar,
  Year                     = {2017},

  Copyright                = {Usemobile},
  File                     = {Snapshot:/home/liara/Zotero/storage/BUYTS5R6/aplicativo-nativo-web-hibrido.html:text/html},
  Journal                  = {Usemobile},
  Language                 = {pt-BR},
  Url                      = {https://usemobile.com.br/aplicativo-nativo-web-hibrido/},
  Urldate                  = {2018-08-01}
}

@PhdThesis{marcarini_utfpr_2015,
  Title                    = {{UTFPR} {Mapa}: sistema de auto-localização utilizando {GPS} e mapas para a plataforma {Android}},
  Author                   = {MARCARINI, Ivanio Marcante},
  School                   = {Universidade Tecnológica Federal do Paraná Campus Pato Branco},
  Year                     = {2015},

  Address                  = {Pato Branco},
  Month                    = sep,
  Type                     = {Monografia de especialização},

  Abstract                 = {Today, technologies are emerging rapidly. Several technologies are invented or improved, in order to help people. The GPS was one. Currently, GPS is an indispensable tool when it comes to orientation or location. With the launch of smartphones, people began to use various features with a single device, such as Internet, e-mails, option to install multiple applications as needed, access to GPS and others. This work unites the resources present in Smartphones with GPS to create a new localization tool for students, staff and visitors UTFPR of Pato Branco campus - PR. In this way the user can locate themselves and find desired points between the blocks and numerous rooms of the university.},
  Copyright                = {openAccess},
  File                     = {Full Text PDF:/home/liara/Zotero/storage/9AJ3VPTJ/Marcarini - 2015 - UTFPR Mapa sistema de auto-localização utilizando.pdf:application/pdf;Snapshot:/home/liara/Zotero/storage/ZXS6REFT/6123.html:text/html},
  Language                 = {pt-BR},
  Shorttitle               = {{UTFPR} {Mapa}},
  Url                      = {http://repositorio.roca.utfpr.edu.br:8080/jspui/handle/1/6123},
  Urldate                  = {2018-08-01}
}

@PhdThesis{miranda_uma_2010,
  Title                    = {Uma {Arquitetura} para {Contribuição} {Geográfica} {Voluntária} em {Infraestruturas} de {Dados} {Espaciais}: {Um} {Estudo} de {Caso} {Do} {Município} de {Viçosa}},
  Author                   = {MIRANDA, Thiago Silva},
  School                   = {Universidade Federal de Viçosa},
  Year                     = {2010},

  Address                  = {Viçosa Minas Gerais – Brasil},
  Type                     = {Dissertação de {Pós}-{Graduação} em {Ciência} da {Computação}},

  File                     = {MIRANDA - UMA ARQUITETURA PARA CONTRIBUIÇÃO GEOGRÁFICA VOLUN.pdf:/home/liara/Zotero/storage/A4XSZQJJ/MIRANDA - UMA ARQUITETURA PARA CONTRIBUIÇÃO GEOGRÁFICA VOLUN.pdf:application/pdf},
  Language                 = {pt-BR},
  Url                      = {http://ns1.dpi.ufv.br/arquivos/ppgcc/dissertacoes/2010-ms-Thiago_Silva_Miranda.pdf},
  Urldate                  = {2018-08-01}
}

@PhdThesis{pereira_mobile_2013,
  Title                    = {Mobile {Geogames} - {Novas} {Interfaces} para o {Uso} de {Dispositivos} {Móveis} na {Coleta} de {Dados} de {Mobilidade} {Urbana} em {Pequenas} Áreas},
  Author                   = {PEREIRA, Fernando de Oliveira},
  School                   = {Instituto Nacional de Pesquisas Espaciais - INPE},
  Year                     = {2013},

  Address                  = {São José dos Campos},
  Type                     = {Dissertação de {Mestrado}},

  File                     = {Fern - Mobile Geogames - Novas Interfaces para o Uso de D.pdf:/home/liara/Zotero/storage/5RP5MRCM/Fern - Mobile Geogames - Novas Interfaces para o Uso de D.pdf:application/pdf},
  Language                 = {pt-BR},
  Url                      = {http://portaldeperiodicos.eci.ufmg.br/index.php/pci/article/view/1639},
  Urldate                  = {2018-08-01}
}

@Article{Primo2007,
  Title                    = {O aspecto relacional das interações na {Web} 2.0},
  Author                   = {PRIMO, Alex},
  Journal                  = {E-Compós},
  Year                     = {2007},
  Number                   = {0},
  Pages                    = {21},
  Volume                   = {9},

  Copyright                = {Direitos autorais},
  File                     = {Full Text PDF:/home/liara/Zotero/storage/ADRPQFLW/Primo - 2007 - O aspecto relacional das interações na Web 2.0.pdf:application/pdf;Snapshot:/home/liara/Zotero/storage/5RNXV7KK/153.html:text/html},
  ISSN                     = {1808-2599},
  Keywords                 = {Interação, Relacionamento, Web 2.0},
  Language                 = {pt-BR},
  Owner                    = {liara},
  Timestamp                = {2018.08.02},
  Url                      = {http://www.e-compos.org.br/e-compos/article/view/153},
  Urldate                  = {2018-08-01}
}

@PhdThesis{santos_avaliacao_2016,
  Title                    = {Avaliação de técnicas de aprendizagem de máquina para predição de engajamento com user-generated content},
  Author                   = {SANTOS, David Wilson de Farias},
  School                   = {Universidade Federal do Pernanbuco},
  Year                     = {2016},

  Address                  = {Recife,},
  Month                    = apr,
  Type                     = {Proposta de {Trabalho} de {Graduação}},

  Abstract                 = {Antes do advento da Web 2.0, os consumidores tinham recursos limitados para ajudar na tomada de decisão voltada para o consumo, fazendo com que eles se baseassem fortemente na informação enviesada fornecida pela publicidade tradicional. No entanto, com a chegada da Web 2.0, os usuários começaram a compartilhar suas experiências, produzindo um imenso volume de informações geradas por eles próprios, também conhecidas como UGC (User-Genereted Content – Conteúdo Gerado pelo Usuário). O uso de imagens geradas por usuários na forma de anúncios pode aumentar a conversão de vendas, pois este tipo de conteúdo tem o poder de influenciar a decisão de potenciais consumidores, tornando-os propensos à compra. Diante desse panorama, este trabalho propõe uma avaliação de técnicas de aprendizagem de máquina que irão extrair padrões em imagens postadas nas redes sociais, com o objetivo de prever o engajamento de consumidores com tais imagens quando publicadas como anúncios.},
  File                     = {dwfs-proposta.pdf:/home/liara/Zotero/storage/4P7DEC8B/dwfs-proposta.pdf:application/pdf},
  Language                 = {pt-BR},
  Url                      = {http://www.cin.ufpe.br/~tg/2016-1/dwfs-proposta.pdf},
  Urldate                  = {2018-08-01}
}

@PhdThesis{silva_contribuicao_2013,
  Title                    = {A contribuição da convergência dos meios de comunicação nas mudanças e hábitos do consumo de mídia no {Brasil} (2001 – 2012).},
  Author                   = {SILVA, Estanley Robson da Cunha},
  School                   = {Centro Universitário de Brasília (UniCEUB/ICPD)},
  Year                     = {2013},

  Address                  = {Brasília},
  Month                    = feb,
  Type                     = {Trabalho de {Pós}-graduação},

  Abstract                 = {O mundo da comunicação mudou radicalmente nos últimos anos. Compreender esse processo e estar de olho nessas tendências são armas fundamentais para profissionais de comunicação. Sendo assim, o objetivo desse trabalho é debater a convergência dos meios de comunicação e apresentar as principais mudanças no hábito de consumo de mídia da sociedade brasileira no período de 2001 a 2012, de forma a estabelecer uma relação entre esses dois pontos. Para atingir esse objetivo, buscou-se identificar, por meio de pesquisas realizadas pelo IBOPE, a evolução da penetração das principais atividades de mídia, como a força da TV Aberta, TV por assinatura, Mídia Exterior, Internet, Rádio, Jornal, Revista, Outdoor, Mobile, Blogs, Envio e Recebimento de Mensagens Instantâneas, Up Load de foto e vídeos, Redes Sociais, Cinema, Baixar músicas, Leitura de jornais pela Internet, Jogos pela Internet, Leitura de revistas pela Internet, Rádio pela Internet e TV pela Internet. Com a análise dessa pesquisa, foi possível constatar a perda de força de alguns canais e, por outro lado, aumento de força de outros canais. A sustentação teórica reforçou as questões sobre a cultura da convergência, comportamento do consumidor, comunicação no século XXI, mídia e modernidade, teorias da comunicação, características dos meios e planejamento de mídia. Diante do que foi estudado, foi possível concluir que as mudanças que acontecem nos meios de comunicação são reflexos de um processo social, que surgem pela necessidade de novas formas de comunicação e interação entre as pessoas. Dessa forma a convergência dos meios de comunicação é consequência desse processo e contribui na forma de consumir mídia.},
  File                     = {Full Text PDF:/home/liara/Zotero/storage/EQV7QQXF/Silva - 2016 - A contribuição da convergência dos meios de comuni.pdf:application/pdf;Snapshot:/home/liara/Zotero/storage/DW64HTS6/8084.html:text/html},
  Language                 = {pt-BR},
  Url                      = {http://www.repositorio.uniceub.br/handle/235/8084},
  Urldate                  = {2018-08-01}
}

@Misc{Wikipedia2018,
  Title                    = {Wikipédia:{Página} principal},

  Author                   = {{WIKIPÉDIA}},
  Note                     = {Page Version ID: 52369773},
  Year                     = {2018},

  Copyright                = {Creative Commons Attribution-ShareAlike License},
  File                     = {Snapshot:/home/liara/Zotero/storage/XHESD2VF/index.html:text/html},
  Journal                  = {Wikipedia, the free encyclopedia},
  Language                 = {pt},
  Owner                    = {liara},
  Shorttitle               = {Wikipédia},
  Timestamp                = {2018.08.02},
  Url                      = {https://pt.wikipedia.org/w/index.php?title=Wikip%C3%A9dia:P%C3%A1gina_principal&oldid=52369773},
  Urldate                  = {2018-08-02}
}

@phdthesis{hyller_bandeira_dutra_cidadao_2018,
	address = {Almenara},
	title = {Cidadão do {Vale}: {Implementação} de uma plataforma colaborativa para identificação e análise de problemas na infraestrutura do município de {Almenara} - {MG}},
	shorttitle = {Cidadão do {Vale}},
	url = {https://drive.google.com/file/d/1Ah1MuMWQutrkuI_IHEkujsbSQIDU-scY/view?usp=drive_open&usp=embed_facebook},
	language = {pt-BR},
	urldate = {2018-11-16},
	school = {Instituto Federal do Norte de Minas Gerais – IFNMG},
	author = {DUTRA, Hyller Bandeira},
	month = jul,
	year = {2018},
	file = {Snapshot:/home/liara/Zotero/storage/I8CXBQ2R/TCC Hyller Versao 5.pdf.html:text/html}
}

@misc{the_apache_software_foundation_architectural_nodate,
	title = {Architectural overview of {Cordova} platform - {Apache} {Cordova}},
	copyright = {The Apache Software Foundation},
	url = {https://cordova.apache.org/docs/en/latest/guide/overview/index.html},
	language = {English},
	urldate = {2018-11-16},
	journal = {Architectural overview of Cordova platform - Apache Cordova},
	author = {{The Apache Software Foundation}},
	year = {2018},
	file = {Architectural overview of Cordova platform - Apache Cordova:/home/liara/Zotero/storage/C6KSS5QD/index.html:text/html}
}

@book{lopes_sergio_aplicacao_2016,
	address = {São Paulo},
	title = {Aplicação mobile híbrida com {Cordova} e {PhoneGap}},
	copyright = {Casa do Código},
	url = {http://docshare01.docshare.tips/files/30763/307637725.pdf},
	language = {pt-BR},
	urldate = {2018-11-16},
	author = {{LOPES}, Sérgio},
	year = {2016}
}

@article{silva_junior_and_buregio_vanilson_2016,
  title={Um Estudo de An{\'a}lise Comparativa de Solu{\c{c}}{\~o}es em Backend as a Service: Uma Vis{\~a}o Geral},
  author={da Silva J{\'u}nior, Ant{\^o}nio S and Bur{\'e}gio, Vanilson},
  year = {2016},
  url = {http://www.unibratec.edu.br/tecnologus/edicoes-anteriores/edicao-10-06-out-2016/}
}

@article{khawas_application_2018,
	title = {Application of {Firebase} in {Android} {App} {Development}-{A} {Study}},
	volume = {179},
	doi = {10.5120/ijca2018917200},
	journal = {International Journal of Computer Applications},
	author = {Khawas, Chunnu and Shah, Pritam},
	month = jun,
	year = {2018},
	pages = {49--53},
	file = {Full Text PDF:/home/liara/Zotero/storage/Y6EVW8K3/Khawas e Shah - 2018 - Application of Firebase in Android App Development.pdf:application/pdf}
}
